@misc{ericsson-5g,
key= {Ericsson Mobility Report},
url = {https://www.ericsson.com/en/mobility-report},
}

@article{iot-manifacturing,
author = {Chen, B. and Wan, J. and Celesti, A. and Li, D. and Abbas, H. and Zhang, Q.},
journal = {IEEE Communications Magazine},
number = {9},
pages = {103-109},
title = {Edge computing in IoT-based manufacturing},
volume = {56},
year = {2018},
}

@article{dsu,
author = {Mugarza, I. and Amurrio, A. and Azketa, E. and Jacob, E.},
journal = {IEEE Access},
pages = {42269-42279},
title = {Dynamic software updates to enhance security and privacy in high availability energy management applications in smart cities},
volume = {7},
year = {2019},
}

@book{saaas,
author = {Mitton, N. and Papavassiliou, S. and Puliafito, A. and Trivedi, K. S.},
title = {Combining Cloud and sensors in a smart city environment},
year = {2012},
}

@article{iot-definition,
author = {Whitmore, A. and Agarwal, A. and Da Xu, L.},
journal = {Information systems frontiers},
number = {2},
pages = {261-274},
title = {The Internet of Things---A survey of topics and trends},
volume = {17},
year = {2015},
}

@article{harnessing-continuum,
author = {Beckman, P. and Dongarra, J. and Ferrier, N. and Fox, G. and Moore, T. and Reed, D. and Beck, M.},
journal = {Fog Computing: Theory and Practice, pp},
pages = {215-230},
title = {Harnessing the Computing Continuum for Programming Our World},
year = {2020},
}

@inproceedings{computing-in-continuum,
author = {AbdelBaky, M. and Zou, M. and Zamani, A. R. and Renart, E. and Diaz-Montes, J. and Parashar, M.},
booktitle = {Computing in the continuum: Combining pervasive devices and services to support data-driven applications},
pages = {1815-1824},
publisher = {In 2017 IEEE 37th International Conference on Distributed Computing Systems (ICDCS) . IEEE},
title = {June},
year = {2017},
}

@inproceedings{levee,
author = {Brzoza-Woch, R. and Konieczny, M. and Nawrocki, P. and Szydlo, T. and Zielinski, K.},
booktitle = {Embedded systems in the application of fog computing---Levee monitoring use case},
pages = {1-6},
publisher = {In 2016 11th IEEE Symposium on Industrial Embedded Systems (SIES) . IEEE},
title = {May},
year = {2016},
}

@article{iot-healthcare,
author = {Pace, P. and Aloi, G. and Gravina, R. and Caliciuri, G. and Fortino, G. and Liotta, A.},
journal = {IEEE Transactions on Industrial Informatics},
number = {1},
pages = {481-489},
title = {An edge-based architecture to support efficient applications for healthcare industry 4.0},
volume = {15},
year = {2018},
}

@article{data-analytics-iot,
author = {He, J. and Wei, J. and Chen, K. and Tang, Z. and Zhou, Y. and Zhang, Y.},
journal = {IEEE Internet of Things Journal},
number = {2},
pages = {677-686},
title = {Multitier fog computing with large-scale iot data analytics for smart cities},
volume = {5},
year = {2017},
}

@misc{fog-computing,
key = {Cisco fog computing solutions: Unleash the power of the Internet of Things},
url = {https://www.cisco.com/c/dam/en\_us/solutions/trends/iot/docs/computing-solutions.pdf},
}

@incollection{iot-enterprise,
address = {vol 5468. Springer, Berlin, Heidelberg},
author = {Haller, S. and Karnouskos, S. and Schroth, C.},
booktitle = {Domingue J},
editor = {Fensel, D. and Traverso, P.},
publisher = {Future Internet -- FIS 2008. FIS 2008. Lecture Notes in Computer Science},
title = {The Internet of Things in an Enterprise Context},
year = {2009},
}

@article{fluid-internet,
author = {Latre, S. and Famaey, J. and De Turck, F. and Demeester, P.},
journal = {IEEE Communications Magazine},
number = {1},
pages = {140-148},
title = {The fluid internet: service-centric management of a virtualised future internet},
volume = {52},
year = {2014},
}

@article{cloud-iot,
author = {Botta, A. and De Donato, W. and Persico, V. and Pescap{\'e}, A.},
journal = {Future generation computer systems},
pages = {684-700},
title = {Integration of cloud computing and internet of things: a survey},
volume = {56},
year = {2016},
}

@article{cloud-def,
author = {Mell, P. and Grance, T.},
journal = {Recommendations of the National Istitute of Standards and Technology, NIST Special Publication},
pages = {800-145},
title = {The NIST definition of cloud computing},
year = {2011},
}

@article{cloud-computing,
author = {Zhang, Q. and Cheng, L. and Boutaba, R.},
journal = {J Internet Serv Appl},
pages = {7-18},
title = {Cloud computing: state-of-the-art and research challenges},
volume = {1},
year = {2010},
}

@misc{gartner-cloud-edge,
key = {Gartner. Predicts 2021: Cloud and Edge Infrastructure},
year = {2021},
url = {https://www.gartner.com/en/doc/735107-predicts-2021-cloud-and-edge-infrastructure}},
}

@misc{downtime-cost,
month = {Jenuary},
key = {Cost of Data Center Outages},
year = {2016},
url = {http://files.server-rack-online.com/2016-Cost-of-Data-Center-Outages.pdf},
}

@misc{gartner-iot,
key = {Gartner. Leading the IoT.},
year = {2017},
url = {https://www.gartner.com/imagesrv/books/iot/iotEbook_digital.pdf},
}

@article{akamai,
author = {Nygren, E. and Sitaraman, R. K. and Sun, J.},
journal = {ACM SIGOPS Operating Systems Review},
number = {3},
pages = {2-19},
title = {The akamai network: a platform for high-performance internet applications},
volume = {44},
year = {2010},
}

@misc{traceroute-google,
key = {Visual Traceroute},
url = {https://www.dotcom-monitor.com/wiki/knowledge-base/visual-traceroute-graphical-tool/},
}

@misc{aws-outage,
key = {Prolonged AWS outage takes down a big chunk of the internet},
year = {2020},
url = {https://www.theverge.com/2020/11/25/21719396/amazon-web-services-aws-outage-down-internet},
}

@article{edge-computing-vision-challenges,
author = {Shi, W. and Cao, J. and Zhang, Q. and Li, Y. and Xu, L.},
journal = {IEEE internet of things journal},
number = {5},
pages = {637-646},
title = {Edge computing: Vision and challenges},
volume = {3},
year = {2016},
}

@inproceedings{mobile-augmented-reality,
author = {Baresi, L. and Mendon\c{c}a, D. F. and Garriga, M.},
booktitle = {European Conference on Service-Oriented and Cloud Computing},
pages = {196-210},
publisher = {Springer, Cham},
title = {Empowering low-latency applications through a serverless edge computing architecture},
year = {2017},
}

@inproceedings{camera-virtualisation,
author = {Jang, S. Y. and Lee, Y. and Shin, B. and Lee, D.},
booktitle = {Application-aware IoT camera virtualisation for video analytics edge computing},
pages = {132-144},
publisher = {In 2018 IEEE/ACM Symposium on Edge Computing (SEC) . IEEE},
title = {October},
year = {2018},
}

@misc{raspberry,
key = {Raspberry Pi},
url = {https://www.raspberrypi.org/products/},
}

@article{cloudlet,
author = {Satyanarayanan, M. and Bahl, P. and Caceres, R. and Davies, N.},
journal = {IEEE pervasive Computing},
number = {4},
pages = {14-23},
title = {The case for vm-based cloudlets in mobile computing},
volume = {8},
year = {2009},
}

@inproceedings{mec,
author = {Beck, M. T. and Werner, M. and Feld, S. and Schimper, S.},
booktitle = {Proc. of the Sixth International Conference on Advances in Future Internet},
pages = {48-55},
title = {Mobile edge computing: A taxonomy},
year = {2014},
}

@article{nfv-5g,
author = {Yousaf, F. Z. and Bredel, M. and Schaller, S. and Schneider, F.},
journal = {IEEE Journal on Selected Areas in Communications},
number = {11},
pages = {2468-2478},
title = {NFV and SDN---Key technology enablers for 5G networks},
volume = {35},
year = {2017},
}

@unpublished{serverless-berkeley,
author = {Jonas, E. and Schleier-Smith, J. and Sreekanti, V. and Tsai, C. C. and Khandelwal, A. and Pu, Q. and Shankar, V. and Carreira, J. and Krauth, K. and Yadwadkar, N. and Gonzalez, J. E.},
note = {preprint},
title = {Cloud programming simplified: A berkeley view on serverless computing. arXiv},
year = {2019},
archivePrefix = {arXiv},
eprint = {1902.03383},
}

@misc{aws-lambda-edge,
key = {Aws Lambda@Edge},
url = {https://aws.amazon.com/it/lambda/edge/},
}

@misc{aws-greengrass,
key = {Aws IoT Greengrass},
url = {https://aws.amazon.com/greengrass/},
}

@misc{azure-iot-edge,
key = {Azure IoT Edge},
url = {https://azure.microsoft.com/en-us/services/iot-edge/},
}

@inproceedings{serverless-mec,
author = {Baresi, L. and Mendon\c{c}a, D. F. and Garriga, M.},
booktitle = {European Conference on Service-Oriented and Cloud Computing},
pages = {196-210},
publisher = {Springer, Cham},
title = {Empowering low-latency applications through a serverless edge computing architecture.},
year = {2017},
}

@article{oasis,
author = {MacKenzie, C. M. and Laskey, K. and McCabe, F. and Brown, P. F. and Metz, R. and Hamilton, B. A.},
journal = {OASIS standard},
title = {Reference model for service oriented architecture 1.0},
volume = {12},
year = {2006},
}

@article{inter-cloud,
author = {Grozev, N. and Buyya, R.},
journal = {Software: Practice and Experience},
number = {3},
pages = {369-390},
title = {Inter‚ÄêCloud architectures and application brokering: taxonomy and survey},
volume = {44},
year = {2014},
}

@misc{protobuf,
key = {Protocol Buffers},
url = {https://developers.google.com/protocol-buffers},
}

@misc{openapi,
key = {OpenAPI Specification. Version 3.0.3.},
url = {https://swagger.io/specification/},
}

@incollection{microservices-today,
address = {Cham},
author = {Dragoni, N. and others},
booktitle = {Mazzara M},
editor = {Meyer, B.},
publisher = {Present and Ulterior Software Engineering. Springer},
title = {Microservices: Yesterday, Today, and Tomorrow},
year = {2017},
}

@book{cloud-to-thing,
author = {T. Lynn and J. G. Mooney and B. Lee and P. T. Endo},
title = {The cloud-to-thing continuum: opportunities and challenges in cloud, fog and edge computing},
year = {2020},
}

@article{rest,
author = {Roy Fielding},
title = {Representational State Transfer (REST).},
url = {https://www.ics.uci.edu/~fielding/pubs/dissertation/rest\_arch\_style.htm},
}

@misc{shopify,
key = {Shopify App Store},
url = {https://apps.shopify.com/},
}

@article{vmm,
author = {Rosenblum, M. and Garfinkel, T.},
journal = {Computer},
number = {5},
pages = {39-47},
title = {Virtual machine monitors: Current technology and future trends},
volume = {38},
year = {2005},
}

@misc{kvm,
key = {Kernel Virtual Machine},
url = {https://www.linux-kvm.org/page/Main_Page},
}

@article{containers,
author = {Bernstein, D.},
journal = {IEEE Cloud Computing},
number = {3},
pages = {81-84},
title = {Containers and cloud: From lxc to docker to kubernetes},
volume = {1},
year = {2014},
}

@inproceedings{containers-raspberry,
author = {Pahl, C. and Helmer, S. and Miori, L. and Sanin, J. and Lee, B.},
booktitle = {A container-based edge cloud paas architecture based on raspberry pi clusters},
pages = {117-124},
publisher = {In 2016 IEEE 4th International Conference on Future Internet of Things and Cloud Workshops (FiCloudW) . IEEE},
title = {August},
year = {2016},
}

@inproceedings{containers-fog,
author = {Bellavista, P. and Zanni, A.},
booktitle = {Proceedings of the 18th international conference on distributed computing and networking},
month = {January},
pages = {1-10},
title = {Feasibility of fog computing deployment based on docker containerization over raspberrypi},
year = {2017},
}

@misc{docker-image,
key = {Docker Image Specification 1.0.0},
url = {https://github.com/moby/moby/blob/master/image/spec/v1.md},
}

@misc{gcloud-functions,
key = {Google Cloud Functions},
url = {https://cloud.google.com/functions},
}

@misc{azure-functions,
key = {Azure Functions},
url = {https://azure.microsoft.com/en-us/services/functions/},
}

@misc{aws-lambda,
key = {Aws Lambda},
url = {https://aws.amazon.com/lambda/},
}

@article{serverless-evaluation,
author = {Mohanty, S. K. and Premsankar, G. and Di Francesco, M.},
journal = {CloudCom},
month = {December},
pages = {115-120},
title = {An Evaluation of Open Source Serverless Computing Frameworks},
year = {2018},
}

@inproceedings{urllc,
author = {Elbamby, M. S. and Perfecto, C. and Liu, C. F. and Park, J. and Samarakoon, S. and Chen, X. and Bennis, M.},
booktitle = {Proceedings of the IEEE},
pages = {1717-1737},
title = {Wireless edge computing with latency and reliability guarantees},
year = {2019},
}

@inproceedings{gvisor-firecracker,
author = {Caraza-Harter, T. and Swift, M. M.},
booktitle = {Proceedings of the 16th ACM SIGPLAN/SIGOPS International Conference on Virtual Execution Environments},
month = {March},
pages = {101-113},
title = {Blending containers and virtual machines: a study of firecracker and gVisor},
year = {2020},
}

@misc{firecracker,
key = {Firecracker},
url = {https://firecracker-microvm.github.io/},
}

@article{unikernels,
author = {Madhavapeddy, A. and Mortier, R. and Rotsos, C. and Scott, D. and Singh, B. and Gazagnaire, T. and Smith, S. and Hand, S. and Crowcroft, J.},
journal = {ACM SIGARCH Computer Architecture News},
number = {1},
pages = {461-472},
title = {Unikernels: Library operating systems for the cloud},
volume = {41},
year = {2013},
}

@article{unikernels-performance,
author = {Koller, R. and Williams, D.},
journal = {Proceedings of the 16th Workshop on Hot Topics in Operating Systems},
month = {May},
pages = {169-173},
title = {Will serverless end the dominance of linux in the cloud?},
year = {2017},
}

@article{ewasm,
author = {Peach, G. and Pan, R. and Wu, Z. and Parmer, G. and Haster, C. and Cherkasova, L.},
journal = {IEEE Transactions on Computer-Aided Design of Integrated Circuits and Systems},
number = {11},
pages = {3492-3505},
title = {eWASM: Practical Software Fault Isolation for Reliable Embedded Devices},
volume = {39},
year = {2020},
}

@inproceedings{sfi,
author = {Wahbe, R. and Lucco, S. and Anderson, T. E. and Graham, S. L.},
booktitle = {Proceedings of the fourteenth ACM symposium on Operating systems principles},
month = {December},
pages = {203-216},
title = {Efficient software-based fault isolation},
year = {1993},
}

@article{mqtt-coap-amqp-http,
author = {Naik, N.},
journal = {2017 IEEE international systems engineering symposium (ISSE)},
month = {October},
pages = {1-7},
title = {Choice of effective messaging protocols for IoT systems: MQTT, CoAP, AMQP and HTTP},
year = {2017},
}

@article{rest-opc,
author = {Gr{"u}ner, S. and Pfrommer, J. and Palm, F.},
journal = {IEEE Transactions on Industrial Informatics},
number = {5},
pages = {1832-1841},
title = {RESTful industrial communication with OPC UA},
volume = {12},
year = {2016},
}

@misc{docker-hub,
key = {Docker Hub},
url = {https://hub.docker.com/},
}

@inproceedings{lavea,
author = {Yi, S. and Hao, Z. and Zhang, Q. and Zhang, Q. and Shi, W. and Li, Q.},
booktitle = {Proceedings of the Second ACM/IEEE Symposium on Edge Computing},
month = {October},
pages = {1-13},
title = {Lavea: Latency-aware video analytics on edge computing platform},
year = {2017},
}

@article{map-reduce,
author = {Condie, T. and Conway, N. and Alvaro, P. and Hellerstein, J. M. and Elmeleegy, K. and Sears, R.},
journal = {MapReduce online. In Nsdi (Vol.},
number = {4},
pages = {20},
title = {April},
volume = {10},
year = {2010},
}

@article{vehicular-data-cloud,
author = {He, W. and Yan, G. and Da Xu, L.},
journal = {IEEE transactions on industrial informatics},
number = {2},
pages = {1587-1595},
title = {Developing vehicular data cloud services in the IoT environment},
volume = {10},
year = {2014},
}

@article{edge-computing-survey,
author = {Yu, W. and Liang, F. and He, X. and Hatcher, W. G. and Lu, C. and Lin, J. and Yang, X.},
journal = {IEEE access},
pages = {6900-6919},
title = {A survey on the edge computing for the Internet of Things},
volume = {6},
year = {2017},
}

@article{quic,
author = {Langley, A. and Riddoch, A. and Wilk, A. and Vicente, A. and Krasic, C. and Zhang, D. and Yang, F. and Kouranov, F. and Swett, I. and Iyengar, J. and Bailey, J.},
journal = {Proceedings of the conference of the ACM special interest group on data communication},
month = {August},
pages = {183-196},
title = {The quic transport protocol: Design and internet-scale deployment},
year = {2017},
}

@article{web-of-things,
author = {Guinard, D. and Trifa, V. and Wilde, E.},
journal = {Internet of Things (IOT)},
month = {November},
pages = {1-8},
title = {A resource oriented architecture for the web of things},
year = {2010},
}

@article{coap,
author = {Bormann, C. and Castellani, A. P. and Shelby, Z.},
journal = {IEEE Internet Computing},
number = {2},
pages = {62-67},
title = {Coap: An application protocol for billions of tiny internet nodes},
volume = {16},
year = {2012},
}

@misc{cloud-foundry-marketplace,
author = {Cloud Foundry},
key = {Launches Online Marketplace for Expanding Ecosystem},
url = {https://www.cloudfoundry.org/blog/cloud-foundry-launches-online-marketplace-expanding-ecosystem/},
}

@misc{osb,
key = {Open Service Broker},
url = {https://www.openservicebrokerapi.org/},
}

@misc{k8s-architecture,
key = {Introduction to Kubernetes architecture},
url = {https://www.redhat.com/en/topics/containers/kubernetes-architecture},
}

@misc{kubernetes,
key = {Kubernetes},
url = {https://kubernetes.io/},
}

@misc{containerd,
key = {containerd},
url = {https://containerd.io/},
}

@misc{etcd,
key = {etcd},
url = {https://etcd.io/},
}

@misc{docker-swarm,
key = {Docker Swarm overview},
url = {https://docs.docker.com/engine/swarm/},
}

@inproceedings{docker-edge-computing,
author = {Ismail, B. I. and Goortani, E. M. and Ab Karim and M. B., Tat and W. M., Setapa and S., Luke, J.Y. and Hoe, O.H.},
booktitle = {2015 IEEE Conference on Open Systems (ICOS)},
month = {August},
pages = {130-135},
publisher = {IEEE},
title = {Evaluation of docker as edge computing platform},
year = {2015},
}

@misc{akri,
key = {Akri},
url = {https://github.com/deislabs/akri},
}

@misc{k8s-device-plugins,
key = {Kubernetes Device Plugins},
url = {https://kubernetes.io/docs/concepts/extend-kubernetes/compute-storage-net/device-plugins/},
}

@misc{onvif,
key = {ONVIF},
url = {https://www.onvif.org/},
}

@misc{udev,
key = {udev},
url = {https://wiki.archlinux.org/index.php/udev},
}

@misc{gRPC,
key = {gRPC},
url = {https://grpc.io/},
}

@inproceedings{coap-soa,
author = {Pereira, P. P. and Eliasson, J. and Kyusakov, R. and Delsing, J. and Raayatinezhad, A. and Johansson, M.},
booktitle = {2013 IEEE seventh international symposium on service-oriented system engineering},
pages = {518-526},
publisher = {IEEE},
title = {March. Enabling cloud connectivity for mobile internet of things applications},
year = {2013},
}

@inproceedings{wasm,
author = {Haas, A. and Rossberg, A. and Schuff, D. L. and Titzer, B. L. and Holman, M. and Gohman, D. and Wagner, L. and Zakai, A. and Bastien, J. F.},
booktitle = {Proceedings of the 38th ACM SIGPLAN Conference on Programming Language Design and Implementation},
pages = {185-200},
title = {June. Bringing the web up to speed with WebAssembly},
year = {2017},
}

@misc{typescript,
key = {TypeScript},
url = {https://www.typescriptlang.org/},
}

@misc{npm-security,
key = {Microsoft spots malicious npm package stealing data from UNIX systems},
url = {https://www.zdnet.com/article/microsoft-spots-malicious-npm-package-stealing-data-from-unix-systems/},
}

@misc{reference-types,
key = {Reference Types Overview},
url = {https://github.com/WebAssembly/reference-types/blob/master/proposals/reference-types/Overview.md},
}

@misc{llvm,
key = {LLVM},
url = {https://llvm.org/},
}

@misc{cloudflare-workers,
key = {WebAssembly on Cloudflare Workers},
url = {https://blog.cloudflare.com/webassembly-on-cloudflare-workers/},
}

@misc{fastly-lucet,
key = {Announcing Lucet: Fastly's native WebAssembly compiler and runtime.},
url = {https://www.fastly.com/blog/announcing-lucet-fastly-native-webassembly-compiler-runtime},
}

@misc{parity-wasm,
key = {Write Wasm smart contracts with ink! 2.0},
url = {https://www.parity.io/write-wasm-smart-contracts-with-ink-2-0/},
}

@article{sledge,
author = {Gadepalli, P. K. and McBride, S. and Peach, G. and Cherkasova, L. and Parmer, G.},
journal = {Proceedings of the st International Middleware Conference},
month = {December},
pages = {265-279},
title = {Sledge: a Serverless-first, Light-weight Wasm Runtime for the Edge},
volume = {21},
year = {2020},
}

@inproceedings{execution-model-serverless-edge,
author = {Hall, A. and Ramachandran, U.},
booktitle = {Proceedings of the International Conference on Internet of Things Design and Implementation},
month = {April},
pages = {225-236},
title = {An execution model for serverless functions at the edge},
year = {2019},
}

@article{faasm,
author = {Shillaker, S. and Pietzuch, P.},
journal = {USENIX Annual Technical Conference 2020},
pages = {419-433},
title = {Faasm: lightweight isolation for efficient stateful serverless computing},
year = {2020},
}

@misc{wasm3,
key = {wasm3},
url = {https://github.com/wasm3/wasm3},
}

@misc{wasmtime,
key = {wasmtime},
url = {https://github.com/bytecodealliance/wasmtime},
}

@misc{wasm3-performance,
key = {wasm3 performance},
url = {https://github.com/wasm3/wasm3/blob/main/docs/Performance.md},
}

@misc{go-data-races,
key = {Golang data races to break memory safety},
url = {https://blog.stalkr.net/2015/04/golang-data-races-to-break-memory-safety.html},
}

@misc{rtic,
key = {RTIC},
url = {https://rtic.rs/0.5/},
}

@inproceedings{rtfm,
author = {Eriksson, J. and H{"a}ggstr{"o}m, F. and Aittamaa, S. and Kruglyak, A. and Lindgren, P.},
booktitle = {2013 8th ieee international symposium on industrial embedded systems (sies)},
month = {June},
pages = {110-113},
publisher = {IEEE},
title = {Real-time for the masses, step 1: Programming API and static priority SRP kernel primitives},
year = {2013},
}

@article{stack-resource-policy,
author = {Baker, T. P.},
journal = {Proceedings 11th Real-Time Systems Symposium},
month = {December},
pages = {191-200},
title = {A stack-based resource allocation policy for realtime processes},
year = {1990},
}

@article{definitive-guide-cortex,
author = {Joseph, Y.},
title = {The definitive guide to ARM Cortex-M and Cortex-M4 processors},
volume = {3},
year = {2014},
}

@inbook{interrupts-handling,
author = {Joseph, Y.},
title = {The definitive guide to ARM Cortex-M3 and Cortex-M4 processors.},
chapter = {Interrupt inputs and pending behaviors},
pages = {246},
year = {2014},
}

@article{polybench,
author = {Yuki, T.},
journal = {International workshop on Polyhedral Compilation Techniques (IMPACT)},
month = {January},
pages = {1-5},
title = {Understanding polybench/c 3.2 kernels},
year = {2014}
}

@misc{wasmi,
key = {wasmi},
url = {https://github.com/paritytech/wasmi},
}

@misc{krustlet,
key = {Krustlet},
url = {https://github.com/deislabs/krustlet},
}

@misc{k3s,
key = {k3s},
url = {https://k3s.io/},
}

@misc{flannel,
key = {flannel},
url = {https://github.com/flannel-io/flannel},
}

@misc{coredns,
key = {CoreDNS},
url = {https://coredns.io/},
}

@misc{traefik,
key = {Traefik},
url = {https://github.com/traefik/traefik},
}

@misc{go-gc,
key = {Go memory ballast: How I learnt to stop worrying and love the heap},
url = {https://blog.twitch.tv/en/2019/04/10/go-memory-ballast-how-i-learnt-to-stop-worrying-and-love-the-heap-26c2462549a2/},
}

@misc{tensorflow,
key = {TensorFlow},
url = {https://www.tensorflow.org/},
}

@misc{keras,
key = {Keras},
url = {https://keras.io/},
}

@misc{tf-wasm,
key = {Introducing the WebAssembly backend for TensorFlow.js},
url = {https://blog.tensorflow.org/2020/03/introducing-webassembly-backend-for-tensorflow-js.html},
}

@misc{onnx,
key = {ONNX},
url = {https://onnx.ai/},
}

@misc{tract,
key = {tract},
url = {https://github.com/sonos/tract},
}

@misc{k8s-exec,
key = {Get a Shell to a Running Container},
url = {https://kubernetes.io/docs/tasks/debug-application-cluster/get-shell-running-container/},
}

@misc{fedra-thesis,
key = {fedra-thesis},
url = {https://github.com/jiayihu/fedra-thesis},
}

@misc{wasmcloud,
key = {Wasmcloud},
url = {https://wasmcloud.com/},
}

@misc{bytecode-alliance,
key = {Bytecode Alliance},
url = {https://bytecodealliance.org/},
}

@misc{mozilla-lies-off,
key = {Mozilla is laying off 250 people and planning a ‚Äònew focus‚Äô on making money},
year = {2020},
url = {https://www.theverge.com/2020/8/11/21363424/mozilla-layoffs-quarter-staff-250-people-new-revenue-focus},
}

@misc{wasm-bindgen,
key = {wasm-bindgen},
url = {https://github.com/rustwasm/wasm-bindgen},
}

@misc{aws-rust,
key = {Why Aws loves Rust and and how we'd like to help},
url = {https://aws.amazon.com/blogs/opensource/why-aws-loves-rust-and-how-wed-like-to-help/},
}

@misc{wasm-micro-runtime,
key = {wasm-micro-runtime},
url = {https://github.com/bytecodealliance/wasm-micro-runtime},
}

@misc{wasm-64,
key = {Embedded devices: i8/i16 and memory pages less than 64KiB},
url = {https://github.com/WebAssembly/spec/issues/899},
}

@misc{deislabs,
key = {Deis Labs},
url = {https://deislabs.io/},
}
